@article{Voigt:2006kd,
author = {Voigt, Christopher A},
title = {{Genetic parts to program bacteria}},
journal = {Curr Opin Biotechnol},
year = {2006},
volume = {17},
number = {5},
pages = {548--557}
}